<record><leader>00000cas a22000007a 4500</leader><controlfield tag="001">9381355</controlfield><controlfield tag="008">830406d18241824nyuwr ne      0    0eng d</controlfield><datafield ind1=" " ind2=" " tag="010"><subfield code="a">sn 83030246 </subfield></datafield><datafield ind1=" " ind2=" " tag="040"><subfield code="a">NPU</subfield><subfield code="b">eng</subfield><subfield code="c">NPU</subfield><subfield code="d">NYG</subfield><subfield code="d">NYS</subfield><subfield code="d">OCL</subfield><subfield code="d">OCLCF</subfield><subfield code="d">OCLCO</subfield></datafield><datafield ind1=" " ind2=" " tag="042"><subfield code="a">msc</subfield></datafield><datafield ind1="0" ind2="4" tag="245"><subfield code="a">The Emerald : or, Saturday's New-York repository of literature, politics, and the arts.</subfield></datafield><datafield ind1="0" ind2="0" tag="246"><subfield code="a">Emerald or Saturday's New York repository of literature, politics, and the arts</subfield></datafield><datafield ind1="0" ind2="0" tag="246"><subfield code="a">Emerald</subfield></datafield><datafield ind1="0" ind2="0" tag="246"><subfield code="a">Saturday's New York repository of literature, politics, and the arts</subfield></datafield><datafield ind1=" " ind2=" " tag="260"><subfield code="a">New York :</subfield><subfield code="b">Byrne &amp; Co.,</subfield><subfield code="c">1824.</subfield></datafield><datafield ind1=" " ind2=" " tag="300"><subfield code="a">3 no. ;</subfield><subfield code="c">39 cm.</subfield></datafield><datafield ind1="0" ind2=" " tag="362"><subfield code="a">N.s., vol. 1, no. 15 (Oct. 30, 1824)-n.s., v. 1, no. 17 (Nov. 20, 1824).</subfield></datafield><datafield ind1=" " ind2="0" tag="651"><subfield code="a">New York (N.Y.)</subfield><subfield code="v">Newspapers.</subfield></datafield><datafield ind1=" " ind2="7" tag="655"><subfield code="a">Newspapers.</subfield><subfield code="2">fast</subfield><subfield code="0">(OCoLC)fst01423814</subfield></datafield><datafield ind1=" " ind2="7" tag="651"><subfield code="a">New York (State)</subfield><subfield code="z">New York.</subfield><subfield code="2">fast</subfield><subfield code="0">(OCoLC)fst01204333</subfield></datafield><datafield ind1=" " ind2=" " tag="752"><subfield code="a">United States</subfield><subfield code="b">New York</subfield><subfield code="c">New York</subfield><subfield code="d">New York.</subfield></datafield><datafield ind1="0" ind2="0" tag="780"><subfield code="t">Emerald or political, literary, and commercial recorder</subfield><subfield code="w">(DLC)sn 83-030247</subfield></datafield><datafield ind1="0" ind2="0" tag="785"><subfield code="t">Emerald or Saturday's New-York journal of literature, politics, and the arts</subfield><subfield code="w">(DLC)sn 83030245</subfield></datafield></record>